<record><leader>00000cas a22000007a 4500</leader><controlfield tag="001">9337082</controlfield><controlfield tag="008">830323d187318uunyuwr ne      0    0eng d</controlfield><datafield ind1=" " ind2=" " tag="010"><subfield code="a">sn 83030058 </subfield></datafield><datafield ind1=" " ind2=" " tag="040"><subfield code="a">NPU</subfield><subfield code="b">eng</subfield><subfield code="c">NPU</subfield><subfield code="d">NPA</subfield><subfield code="d">NPX</subfield><subfield code="d">KNP</subfield><subfield code="d">NYS</subfield><subfield code="d">OCLCQ</subfield><subfield code="d">UKMGB</subfield><subfield code="d">OCLCQ</subfield></datafield><datafield ind1="7" ind2=" " tag="016"><subfield code="a">013916700</subfield><subfield code="2">Uk</subfield></datafield><datafield ind1=" " ind2=" " tag="042"><subfield code="a">msc</subfield></datafield><datafield ind1="0" ind2=" " tag="130"><subfield code="a">Advocate (Spring Valley, N.Y.)</subfield></datafield><datafield ind1="1" ind2="4" tag="245"><subfield code="a">The advocate.</subfield></datafield><datafield ind1=" " ind2=" " tag="260"><subfield code="a">Spring Valley, N.Y. :</subfield><subfield code="b">Walter H. Shupe</subfield></datafield><datafield ind1=" " ind2=" " tag="300"><subfield code="a">v. :</subfield><subfield code="b">ill. ;</subfield><subfield code="c">61 cm.</subfield></datafield><datafield ind1=" " ind2=" " tag="310"><subfield code="a">Weekly</subfield></datafield><datafield ind1="1" ind2=" " tag="362"><subfield code="a">Began in 1873.</subfield><subfield code="z">Cf. Rowell, 1877.</subfield></datafield><datafield ind1=" " ind2=" " tag="500"><subfield code="a">Published simultaneously at New York, N.Y., to facilitate mailing, &lt;1876&gt;.</subfield></datafield><datafield ind1=" " ind2=" " tag="500"><subfield code="a">Published at New York, N.Y., &lt;1877-1878&gt;. Cf. Rowell, 1877-1878.</subfield></datafield><datafield ind1=" " ind2=" " tag="500"><subfield code="a">Editor: Walter H. Shupe, &lt;1876-1878&gt;.</subfield></datafield><datafield ind1=" " ind2=" " tag="588"><subfield code="a">Description based on: Vol. 4, no. 11 (July 29, 1876).</subfield></datafield><datafield ind1=" " ind2="4" tag="651"><subfield code="a">New York (N.Y.)</subfield><subfield code="v">Newspapers.</subfield></datafield><datafield ind1=" " ind2="4" tag="651"><subfield code="a">Spring Valley (N.Y.)</subfield><subfield code="v">Newspapers.</subfield></datafield><datafield ind1=" " ind2=" " tag="752"><subfield code="a">United States</subfield><subfield code="b">New York</subfield><subfield code="c">New York</subfield><subfield code="d">New York.</subfield></datafield><datafield ind1=" " ind2=" " tag="752"><subfield code="a">United States</subfield><subfield code="b">New York</subfield><subfield code="c">Rockland</subfield><subfield code="d">Spring Valley.</subfield></datafield><datafield ind1="1" ind2=" " tag="029"><subfield code="a">AU@</subfield><subfield code="b">000025820744</subfield></datafield></record>